<record><leader>00000cas a22000007a 4500</leader><controlfield tag="001">12389070</controlfield><controlfield tag="008">850815d19uu198ualucr ne      0   a0eng d</controlfield><datafield ind1=" " ind2=" " tag="010"><subfield code="a">sn 85006826 </subfield></datafield><datafield ind1=" " ind2=" " tag="040"><subfield code="a">NSD</subfield><subfield code="b">eng</subfield><subfield code="c">NSD</subfield><subfield code="d">OCLCQ</subfield></datafield><datafield ind1=" " ind2=" " tag="012"><subfield code="j">0</subfield><subfield code="m">d</subfield></datafield><datafield ind1="1" ind2=" " tag="022"><subfield code="a">0884-5476</subfield><subfield code="l">0884-5476</subfield><subfield code="2">1</subfield></datafield><datafield ind1=" " ind2=" " tag="037"><subfield code="b">Chilton County News and "Peacheroo", P.O. Box 189, Clanton, AL 35045</subfield></datafield><datafield ind1=" " ind2=" " tag="042"><subfield code="a">nsdp</subfield></datafield><datafield ind1=" " ind2="0" tag="222"><subfield code="a">Chilton County news and "peacheroo"</subfield></datafield><datafield ind1="0" ind2="0" tag="245"><subfield code="a">Chilton County news and "peacheroo."</subfield></datafield><datafield ind1="3" ind2="0" tag="246"><subfield code="a">Peacheroo</subfield></datafield><datafield ind1=" " ind2=" " tag="260"><subfield code="a">Clanton, Ala. :</subfield><subfield code="b">Kintray Corp.</subfield></datafield><datafield ind1=" " ind2=" " tag="300"><subfield code="a">v.</subfield></datafield><datafield ind1=" " ind2=" " tag="310"><subfield code="a">Semiweekly,</subfield><subfield code="b">&lt;June 17, 1985-&gt;</subfield></datafield><datafield ind1=" " ind2=" " tag="321"><subfield code="a">Weekly</subfield></datafield><datafield ind1=" " ind2=" " tag="588"><subfield code="a">Description based on: Monday, June 17, 1985.</subfield></datafield><datafield ind1=" " ind2=" " tag="752"><subfield code="a">United States</subfield><subfield code="b">Alabama</subfield><subfield code="c">Chilton</subfield><subfield code="d">Clanton.</subfield></datafield><datafield ind1="0" ind2="0" tag="780"><subfield code="t">Chilton County news</subfield><subfield code="w">(OCoLC)11779973</subfield></datafield><datafield ind1="0" ind2="0" tag="785"><subfield code="t">Chilton County News (Clanton, Ala. : 1986)</subfield><subfield code="x">0888-451X</subfield></datafield></record>